@book{bohm1980wholeness,
  author    = {Bohm, David},
  title     = {Wholeness and the Implicate Order},
  publisher = {Routledge},
  year      = {1980}
}

@book{sheldrake1981new,
  author    = {Sheldrake, Rupert},
  title     = {A New Science of Life: The Hypothesis of Formative Causation},
  publisher = {Blond \& Briggs},
  year      = {1981}
}

@book{laszlo2004science,
  author    = {Laszlo, Ervin},
  title     = {Science and the Akashic Field: An Integral Theory of Everything},
  publisher = {Inner Traditions},
  year      = {2004}
}

@book{teilhard1955phenomenon,
  author    = {Teilhard de Chardin, Pierre},
  title     = {The Phenomenon of Man},
  publisher = {Harper \& Brothers},
  year      = {1955}
}

@book{luhmann1995social,
  author    = {Luhmann, Niklas},
  title     = {Social Systems},
  publisher = {Stanford University Press},
  year      = {1995}
}
